<record><leader>00000cas a2200000 a 4500</leader><controlfield tag="001">8496749</controlfield><controlfield tag="008">820607d18911994ilucr ne      0   a0cze c</controlfield><datafield ind1=" " ind2=" " tag="010"><subfield code="a">sn 82002660 </subfield></datafield><datafield ind1=" " ind2=" " tag="040"><subfield code="a">NSD</subfield><subfield code="b">eng</subfield><subfield code="c">NSD</subfield><subfield code="d">DLC</subfield><subfield code="d">NPW</subfield><subfield code="d">NSD</subfield><subfield code="d">DLC</subfield><subfield code="d">NSD</subfield><subfield code="d">DLC</subfield><subfield code="d">YOX</subfield><subfield code="d">NVF</subfield><subfield code="d">DLC</subfield><subfield code="d">OCL</subfield><subfield code="d">NVF</subfield><subfield code="d">CRL</subfield><subfield code="d">NVF</subfield><subfield code="d">CVF</subfield><subfield code="d">CRL</subfield><subfield code="d">CVF</subfield><subfield code="d">NVF</subfield><subfield code="d">OCLCQ</subfield><subfield code="d">KRTAS</subfield><subfield code="d">OCLCQ</subfield><subfield code="d">CRL</subfield><subfield code="d">OCLCO</subfield><subfield code="d">OCLCF</subfield><subfield code="d">NVF</subfield><subfield code="d">OCLCO</subfield><subfield code="d">OCL</subfield><subfield code="d">OCLCO</subfield></datafield><datafield ind1=" " ind2=" " tag="012"><subfield code="j">1</subfield><subfield code="m">1</subfield></datafield><datafield ind1=" " ind2=" " tag="019"><subfield code="a">8496885</subfield></datafield><datafield ind1="1" ind2=" " tag="022"><subfield code="a">0744-6586</subfield><subfield code="l">0744-6586</subfield><subfield code="2">1</subfield></datafield><datafield ind1="1" ind2=" " tag="029"><subfield code="a">AU@</subfield><subfield code="b">000020273165</subfield></datafield><datafield ind1=" " ind2=" " tag="032"><subfield code="a">153720</subfield><subfield code="b">USPS</subfield></datafield><datafield ind1=" " ind2=" " tag="037"><subfield code="b">6426 West Cermak Road, Berwyn, IL 60402</subfield></datafield><datafield ind1=" " ind2=" " tag="042"><subfield code="a">pcc</subfield><subfield code="a">nsdp</subfield></datafield><datafield ind1=" " ind2=" " tag="043"><subfield code="a">n-us---</subfield><subfield code="a">n-us-il</subfield></datafield><datafield ind1="0" ind2="0" tag="050"><subfield code="a">Newspaper</subfield></datafield><datafield ind1=" " ind2="0" tag="222"><subfield code="a">Denni&#769; hlasatel</subfield></datafield><datafield ind1="0" ind2="0" tag="245"><subfield code="a">Denni&#769; hlasatel.</subfield></datafield><datafield ind1="1" ind2=" " tag="246"><subfield code="i">Published as:</subfield><subfield code="a">Nede&#780;lni&#769; hlasatel</subfield><subfield code="f">Sunday issues for Nov. 4, 1973-June 12, 1977; Saturday/Sunday issues for June 18, 1977-Nov. 18, 1984; Sunday issues for Nov. 25, 1984-Dec. 11, 1994</subfield></datafield><datafield ind1="1" ind2="1" tag="246"><subfield code="a">Czechoslovak daily herald</subfield><subfield code="f">Nov. 22, 1983-Dec. 14, 1994</subfield></datafield><datafield ind1=" " ind2=" " tag="260"><subfield code="a">Chicago, Ill. :</subfield><subfield code="b">[s.n.],</subfield><subfield code="c">1891-1994.</subfield></datafield><datafield ind1="2" ind2=" " tag="260"><subfield code="3">Apr. 1, 1979-Feb. 14, 1982</subfield><subfield code="a">Cicero, Ill. :</subfield><subfield code="b">[s.n.]</subfield></datafield><datafield ind1="3" ind2=" " tag="260"><subfield code="3">Feb. 17, 1982-Dec. 14, 1994</subfield><subfield code="a">Berwyn, Ill. :</subfield><subfield code="b">[s.n.]</subfield></datafield><datafield ind1=" " ind2=" " tag="300"><subfield code="a">102 v. ;</subfield><subfield code="c">45-48 cm.</subfield></datafield><datafield ind1=" " ind2=" " tag="310"><subfield code="a">Semiweekly,</subfield><subfield code="b">Apr. 12, 1992-Dec. 14, 1994</subfield></datafield><datafield ind1=" " ind2=" " tag="321"><subfield code="a">Daily,</subfield><subfield code="b">1891-Feb. 6, 1966</subfield></datafield><datafield ind1=" " ind2=" " tag="321"><subfield code="a">Daily (except Monday),</subfield><subfield code="b">Feb. 8, 1966-June 17, 1977</subfield></datafield><datafield ind1=" " ind2=" " tag="321"><subfield code="a">Four no. a week,</subfield><subfield code="b">June 18, 1977-Nov. 17, 1987</subfield></datafield><datafield ind1=" " ind2=" " tag="321"><subfield code="a">Triweekly,</subfield><subfield code="b">Nov. 19, 1987-Apr. 8, 1992</subfield></datafield><datafield ind1="0" ind2=" " tag="362"><subfield code="a">Roc&#780;. 1, c&#780;i&#769;s. 1 (4 kve&#780;t. 1891)-v. 102, c&#780;i&#769;s. 22 (14. pros. 1994).</subfield></datafield><datafield ind1=" " ind2=" " tag="530"><subfield code="a">Available on microfilm;</subfield><subfield code="b">Library of Congress.</subfield></datafield><datafield ind1=" " ind2=" " tag="546"><subfield code="a">In Czech.</subfield></datafield><datafield ind1=" " ind2=" " tag="580"><subfield code="a">Also published in a semiweekly ed.: Hlasatel, &lt;1902&gt;- ; and a weekly ed.: Ty&#769;denni&#769; hlasatel, July 20, 1892-&lt;July 26, 1893&gt;</subfield></datafield><datafield ind1=" " ind2="0" tag="650"><subfield code="a">Czech Americans</subfield><subfield code="z">Illinois</subfield><subfield code="v">Newspapers.</subfield></datafield><datafield ind1=" " ind2="0" tag="650"><subfield code="a">Labor</subfield><subfield code="z">Illinois</subfield><subfield code="v">Newspapers.</subfield></datafield><datafield ind1=" " ind2="0" tag="651"><subfield code="a">Chicago (Ill.)</subfield><subfield code="v">Newspapers.</subfield></datafield><datafield ind1=" " ind2="0" tag="651"><subfield code="a">Cicero (Ill.)</subfield><subfield code="v">Newspapers.</subfield></datafield><datafield ind1=" " ind2="0" tag="651"><subfield code="a">Berwyn (Ill.)</subfield><subfield code="v">Newspapers.</subfield></datafield><datafield ind1=" " ind2="0" tag="651"><subfield code="a">Cook County (Ill.)</subfield><subfield code="v">Newspapers.</subfield></datafield><datafield ind1=" " ind2="7" tag="650"><subfield code="a">Czech Americans.</subfield><subfield code="2">fast</subfield><subfield code="0">(OCoLC)fst00886333</subfield></datafield><datafield ind1=" " ind2="7" tag="650"><subfield code="a">Labor.</subfield><subfield code="2">fast</subfield><subfield code="0">(OCoLC)fst00989798</subfield></datafield><datafield ind1=" " ind2="7" tag="651"><subfield code="a">Illinois.</subfield><subfield code="2">fast</subfield><subfield code="0">(OCoLC)fst01205143</subfield></datafield><datafield ind1=" " ind2="7" tag="651"><subfield code="a">Illinois</subfield><subfield code="z">Berwyn.</subfield><subfield code="2">fast</subfield><subfield code="0">(OCoLC)fst01217727</subfield></datafield><datafield ind1=" " ind2="7" tag="651"><subfield code="a">Illinois</subfield><subfield code="z">Chicago.</subfield><subfield code="2">fast</subfield><subfield code="0">(OCoLC)fst01204048</subfield></datafield><datafield ind1=" " ind2="7" tag="651"><subfield code="a">Illinois</subfield><subfield code="z">Cicero.</subfield><subfield code="2">fast</subfield><subfield code="0">(OCoLC)fst01218056</subfield></datafield><datafield ind1=" " ind2="7" tag="651"><subfield code="a">Illinois</subfield><subfield code="z">Cook County.</subfield><subfield code="2">fast</subfield><subfield code="0">(OCoLC)fst01205334</subfield></datafield><datafield ind1=" " ind2="7" tag="655"><subfield code="a">Newspapers.</subfield><subfield code="2">fast</subfield><subfield code="0">(OCoLC)fst01423814</subfield></datafield><datafield ind1=" " ind2=" " tag="752"><subfield code="a">United States</subfield><subfield code="b">Illinois</subfield><subfield code="c">Cook</subfield><subfield code="d">Berwyn.</subfield></datafield><datafield ind1=" " ind2=" " tag="752"><subfield code="a">United States</subfield><subfield code="b">Illinois</subfield><subfield code="c">Cook</subfield><subfield code="d">Chicago.</subfield></datafield><datafield ind1=" " ind2=" " tag="752"><subfield code="a">United States</subfield><subfield code="b">Illinois</subfield><subfield code="c">Cook</subfield><subfield code="d">Cicero.</subfield></datafield><datafield ind1="1" ind2=" " tag="775"><subfield code="t">Hlasatel</subfield><subfield code="w">(DLC)sn 82002636</subfield><subfield code="w">(OCoLC)8483026</subfield></datafield><datafield ind1="1" ind2=" " tag="775"><subfield code="t">Ty&#769;denni&#769; hlasatel</subfield><subfield code="w">(DLC)sn 98021761</subfield><subfield code="w">(OCoLC)40274928</subfield></datafield><datafield ind1="0" ind2="8" tag="776"><subfield code="i">Online version:</subfield><subfield code="t">Denni&#769; hlasatel</subfield><subfield code="w">(OCoLC)808842534</subfield></datafield><datafield ind1="0" ind2="0" tag="785"><subfield code="t">Nede&#780;lni&#769; hlasatel</subfield><subfield code="w">(DLC)sn 98021538</subfield><subfield code="w">(OCoLC)39392562</subfield></datafield><datafield ind1=" " ind2=" " tag="938"><subfield code="a">Kirtas Technologies, Inc.</subfield><subfield code="b">KRTS</subfield><subfield code="n">735923</subfield></datafield></record>